@URL {Wiki:LP,
    author = "https://en.wikipedia.org/wiki/Linear_programming",
    year   = "2017"
}

@URL{Hipshman:2016,
	author = "https://blog.remix.com/an-intro-to-integer-programming-for-engineers-simplified-bus-scheduling-bd3d64895e92#.pqu534jpa",
	year = "2016"
}

@URL{TSP,
	author = "http://www.math.uwaterloo.ca/tsp/",
	year = "2017"
}

@URL{MILP,
	author = "http://acl.mit.edu/milp/MILP_for_Control.pdf"
	year = "2017"
}

@BOOK {BaJaSh:90,
    author    = "Mokhtar S. Basara, John J. Jarvis, and Hanif D. Sherali",
    title     = "Linear Programming and Network Flows",
    publisher = "Wiley",
    year      = "1990",
    edition   = "second"
}